%% Books
@Book{mac-lane01:categories,
  author = 	 {Mac~Lane, S.},
  title = 	 {{Categories} {for} {the} {Working} {Mathematicians}},
  publisher = 	 {Springer},
  year = 	 2001,
  edition = 	 {2nd}
}

@Book{gamma,
  author =	 {Gamma, E. and al.},
  title = 	 {{Design Patterns}},
  publisher = 	 {Addison-Wesley},
  year = 	 1994
}

%% Manuals
@Manual{dosreis04:ipr-user-guide,
  title = 	 {{IPR} {User} {Guide}},
  author =	 {Dos~Reis, G.},
  year =	 2004
}

@Manual{dosreis04:ipr-ref,
  title = 	 {{Internal Program Representation for \ThePivot{}}},
  author =	 {Dos~Reis, G. and Stroustrup, B.},
  year =	 2004
}


@Manual{gdr-bs05:cxx-rep,
  title = 	 {{Representing C++ Directly, Efficiently and Completely}},
  author =	 {Dos~Reis, G. and Stroustrup, B.},
  year =	 2005
}


@Manual{stroustrup02:xti,
  title = 	 {{XTI: A simple, complete C++ Extended Type Information Library}},
  author =	 {Stroustrup, B.},
  year =	 2002
}


@Manual{iso03,
  title = 	 {{International Standard ISO/IEC 14882.  Programming Languages --- C++}},
  organization = {ISO},
  edition = 	 {2nd},
  year = 	 2003
}

@Manual{iso99,
  title = 	 {{International Standard ISO/IEC 9899.  Programming Languages --- C}},
  organization = {ISO},
  edition = 	 {2nd},
  year = 	 1999
}

@Manual{iso98,
  title = 	 {{International Standard ISO/IEC 14882.  Programming Languages --- C++}},
  organization = {ISO},
  year = 	 1998
}
